@article{Whitfield1976,
author={Diffie, W. and Hellman, M.},
journal={IEEE Transactions on Information Theory}, 
title={New directions in cryptography}, 
year={1976},
volume={22},
number={6},
pages={644-654},
doi={10.1109/TIT.1976.1055638}
}
@techreport{curve25519,
    number =    {draft-ietf-tls-curve25519-01},
    type =      {Internet-Draft},
    institution =   {Internet Engineering Task Force},
    publisher = {Internet Engineering Task Force},
    note =      {Work in Progress},
    url =       {https://datatracker.ietf.org/doc/draft-ietf-tls-curve25519/01/},
    author =    {Simon Josefsson and Manuel Pégourié-Gonnard},
    title =     {{Curve25519 and Curve448 for Transport Layer Security (TLS)}},
    pagetotal = 11,
    year =      2015,
    month =     jul,
    day =       6,
    abstract =  {This document specifies the use of Curve25519 and Curve448 for ephemeral key exchange in the Transport Layer Security (TLS) and Datagram TLS (DTLS) protocols. It updates RFC 5246 (TLS 1.2) and RFC 4492 (Elliptic Curve Cryptography for TLS).},
}
@misc{sidh,
      author = {Luca De Feo and David Jao and Jérôme Plût},
      title = {Towards quantum-resistant cryptosystems from supersingular elliptic curve isogenies},
      howpublished = {Cryptology ePrint Archive, Paper 2011/506},
      year = {2011},
      note = {\url{https://eprint.iacr.org/2011/506}},
      url = {https://eprint.iacr.org/2011/506}
}
@article{HQC,
author = {Aguilar-Melchor, Carlos and Deneuville, Jean-Christophe and Dion, Arnaud},
year = {2021},
month = {06},
title = {Hamming Quasi-Cyclic (HQC)}
}
@article{McEliece,
  title={Code based Cryptography: Classic McEliece},
  author={Harshdeep Singh},
  journal={ArXiv},
  year={2019},
  volume={abs/1907.12754},
  url={https://api.semanticscholar.org/CorpusID:198985661}
}
@misc{BIKE,
  TITLE = {{BIKE: Bit Flipping Key Encapsulation}},
  AUTHOR = {Aragon, Nicolas and Barreto, Paulo S. L. M. and Bettaieb, Slim and Bidoux, Lo{\"i}c and Blazy, Olivier and Deneuville, Jean-Christophe and Gaborit, Philippe and Gueron, Shay and Guneysu, Tim and Aguilar Melchor, Carlos and Misoczki, Rafael and Persichetti, Edoardo and Sendrier, Nicolas and Tillich, Jean-Pierre and Z{\'e}mor, Gilles},
  URL = {https://hal.science/hal-01671903},
  NOTE = {Submission to the NIST post quantum standardization process},
  YEAR = {2017},
  MONTH = Dec,
  PDF = {https://hal.science/hal-01671903/file/main.pdf},
  HAL_ID = {hal-01671903},
  HAL_VERSION = {v1},
}

@inproceedings{sphincs,
  title={SPHINCS + Submission to the NIST post-quantum project},
  author={Daniel J. Bernstein and Christoph Dobraunig and Maria Eichlseder and Scott R. Fluhrer and Stefan-Lukas Gazdag and Andreas H{\"u}lsing and Panos Kampanakis and Stefan K{\"o}lbl and Tanja Lange and Martin M. Lauridsen and Florian Mendel and Ruben Niederhagen and Christian Rechberger and Joost Rijneveld and Peter Schwabe},
  year={2017},
  url={https://api.semanticscholar.org/CorpusID:111381974}
}
@inproceedings{Falcon,
  title={Falcon: Fast-Fourier Lattice-based Compact Signatures over NTRU},
  author={Pierre-Alain Fouque and Jeffrey Hoffstein and Paul Kirchner and Vadim Lyubashevsky and Thomas Pornin and Thomas Prest and Thomas Ricosset and Gregor Seiler and William Whyte and Zhenfei Zhang},
  year={2019},
  url={https://api.semanticscholar.org/CorpusID:231637439}
}
@inproceedings{Dilithium,
  title={CRYSTALS-Dilithium Algorithm Specifications and Supporting Documentation},
  author={L{\'e}o Ducas and Eike Kiltz and Tancr{\`e}de Lepoint and Vadim Lyubashevsky and Peter Schwabe and Gregor Seiler and Damien Stehl{\'e}},
  year={2017},
  url={https://api.semanticscholar.org/CorpusID:198994007}
}
@inproceedings{Kyber,
  title={CRYSTALS-Kyber Algorithm Specifications And Supporting Documentation},
  author={Roberto Avanzi and Joppe Bos and L{\'e}o Ducas and Eike Kiltz and Tancr{\`e}de Lepoint and Vadim Lyubashevsky and John M. Schanck and Peter Schwabe and Gregor Seiler and Damien Stehl{\'e}},
  year={2017},
  url={https://api.semanticscholar.org/CorpusID:198992527}
}
@article{Rivest1978AMF,
  title={A method for obtaining digital signatures and public-key cryptosystems},
  author={Ronald L. Rivest and Adi Shamir and Leonard M. Adleman},
  journal={Commun. ACM},
  year={1978},
  volume={26},
  pages={96-99},
  url={https://api.semanticscholar.org/CorpusID:30798417}
}
@article{Shor_1997,
   title={Polynomial-Time Algorithms for Prime Factorization and Discrete Logarithms on a Quantum Computer},
   volume={26},
   ISSN={1095-7111},
   url={http://dx.doi.org/10.1137/S0097539795293172},
   DOI={10.1137/s0097539795293172},
   number={5},
   journal={SIAM Journal on Computing},
   publisher={Society for Industrial & Applied Mathematics (SIAM)},
   author={Shor, Peter W.},
   year={1997},
   month=oct, pages={1484–1509}
}

@inproceedings{sikespec,
    title ="Supersingular Isogeny Key Encapsulation",
    author = "Craig Costello and Luca De Feo and David Jao and Patrick Longa and Michael Naehrig and Joost Renes.",
    year = "2017",
    url = {https://csrc.nist.gov/csrc/media/Projects/post-quantum-cryptography/documents/round-4/submissions/SIKE-spec.pdf},
}
@book{hartshorne,
  title={Algebraic Geometry},
  author={Hartshorne, R.},
  isbn={9780387902449},
  lccn={lc77001177},
  series={Graduate Texts in Mathematics},
  url={https://books.google.fr/books?id=3rtX9t-nnvwC},
  year={1977},
  publisher={Springer}
}

@book{gortz,
  title={Algebraic Geometry: Part I: Schemes. With Examples and Exercises},
  author={G{\"o}rtz, U. and Wedhorn, T.},
  isbn={9783834897220},
  series={Advanced Lectures in Mathematics},
  url={https://books.google.fr/books?id=XEiLudn6sq4C},
  year={2010},
  publisher={Vieweg+Teubner Verlag}
}
@online{milne,
    title={Abelian Varieties},
    author={J.S. Milne},
    url       = "https://www.jmilne.org/math/CourseNotes/av.html",
    keywoards ="abelian varieties, schemes"
}
@online{sikesite,
    author    = "Craig Costello, Luca De Feo, David Jao, Patrick Longa, Michael Naehrig and Joost Renes.",
    title     = "SIKE",
    url       = "https://sike.org/",
    keywords  = "isogenies, NIST"
}
@online{kybersite,
  author={Roberto Avanzi and Joppe Bos and L{\'e}o Ducas and Eike Kiltz and Tancr{\`e}de Lepoint and Vadim Lyubashevsky and John M. Schanck and Peter Schwabe and Gregor Seiler and Damien Stehl{\'e}},
    title     = "Kyber",
    url       = "https://pq-crystals.org/kyber/",
    keywords  = "lattices, NIST"
}
@article{constantsidh,
    author = "Craig Costello, Partick Longa and Michael Naehrig.",
    title = "Efficient algorithms for supersingular isogeny Diffie-Hellman",
    publisher = "Springer,Berlin,Heidelberg",
    journal = "Advances in cryptology, CRYPTO 2016",
    DOI = "https://doi.org/10.1007/978-3-662-53018-4_21"
}
@article{directkeyrecovery,
    author = "Maino, L., Martindale, C., Panny, L., Pope, G., Wesolowski, B",
    title = "A direct key recovery on SIDH",
    publisher = "Springer,Cham",
    journal = "Advances in cryptology, EUROCRYPT 2023",
    DOI = "https://doi.org/10.1007/978-3-031-30589-4_16"
}
@misc{poke,
      author = {Andrea Basso},
      title = {{POKE}: A Framework for Efficient {PKEs}, Split {KEMs}, and {OPRFs} from Higher-dimensional Isogenies},
      howpublished = {Cryptology ePrint Archive, Paper 2024/624},
      year = {2024},
      note = {\url{https://eprint.iacr.org/2024/624}},
      url = {https://eprint.iacr.org/2024/624}
}
@misc{qfesta,
      author = {Kohei Nakagawa and Hiroshi Onuki},
      title = {{QFESTA}: Efficient Algorithms and Parameters for {FESTA} using Quaternion Algebras},
      howpublished = {Cryptology ePrint Archive, Paper 2023/1468},
      year = {2023},
      note = {\url{https://eprint.iacr.org/2023/1468}},
      url = {https://eprint.iacr.org/2023/1468}
}
@misc{litsigamal,
      author = {Tomoki Moriya},
      title = {{LIT}-{SiGamal}: An efficient isogeny-based {PKE} based on a {LIT} diagram},
      howpublished = {Cryptology ePrint Archive, Paper 2024/521},
      year = {2024},
      note = {\url{https://eprint.iacr.org/2024/521}},
      url = {https://eprint.iacr.org/2024/521}
}
@misc{iscube,
      author = {Tomoki Moriya},
      title = {{IS}-{CUBE}: An isogeny-based compact {KEM} using a boxed {SIDH} diagram},
      howpublished = {Cryptology ePrint Archive, Paper 2023/1506},
      year = {2023},
      note = {\url{https://eprint.iacr.org/2023/1506}},
      url = {https://eprint.iacr.org/2023/1506}
}
@misc{festa,
      author = {Andrea Basso and Luciano Maino and Giacomo Pope},
      title = {{FESTA}: Fast Encryption from Supersingular Torsion Attacks},
      howpublished = {Cryptology ePrint Archive, Paper 2023/660},
      year = {2023},
      note = {\url{https://eprint.iacr.org/2023/660}},
      url = {https://eprint.iacr.org/2023/660}
}
@misc{theta,
      author = {Pierrick Dartois and Luciano Maino and Giacomo Pope and Damien Robert},
      title = {An Algorithmic Approach to $(2,2)$-isogenies in the Theta Model and Applications to Isogeny-based Cryptography},
      howpublished = {Cryptology ePrint Archive, Paper 2023/1747},
      year = {2023},
      note = {\url{https://eprint.iacr.org/2023/1747}},
      url = {https://eprint.iacr.org/2023/1747}
}
@misc{sidhattack1,
      author = {Wouter Castryck and Thomas Decru},
      title = {An efficient key recovery attack on {SIDH}},
      howpublished = {Cryptology ePrint Archive, Paper 2022/975},
      year = {2022},
      note = {\url{https://eprint.iacr.org/2022/975}},
      url = {https://eprint.iacr.org/2022/975}
}
@misc{casverc,
      author = {Wouter Castryck and Frederik Vercauteren},
      title = {A polynomial-time attack on instances of M-{SIDH} and {FESTA}},
      howpublished = {Cryptology ePrint Archive, Paper 2023/1433},
      year = {2023},
      note = {\url{https://eprint.iacr.org/2023/1433}},
      url = {https://eprint.iacr.org/2023/1433}
}
@misc{radicalisog,
      author = {Wouter Castryck and Thomas Decru and Frederik Vercauteren},
      title = {Radical isogenies},
      howpublished = {Cryptology ePrint Archive, Paper 2020/1108},
      year = {2020},
      note = {\url{https://eprint.iacr.org/2020/1108}},
      url = {https://eprint.iacr.org/2020/1108}
}
@article{breakingsidh,
    author = "Damien Robert.",
    title = "Breaking SIDH in polynomial time.",
    year = {2023},
    publisher = "Springer,Cham",
    journal ="Advances in cryptology, EUROCRYPT 2023",
    DOI = "doi.org/10.1007/978-3-031-30589-4_17",
}

@misc{LauterPetit2,
      author = {Kirsten Eisentraeger and Sean Hallgren and Kristin Lauter and Travis Morrison and Christophe Petit},
      title = {Supersingular isogeny graphs and endomorphism rings: reductions and solutions},
      howpublished = {Cryptology ePrint Archive, Paper 2018/371},
      year = {2018},
      note = {\url{https://eprint.iacr.org/2018/371}},
      url = {https://eprint.iacr.org/2018/371}
}

@misc{LauterPetit1,
      author = {Christophe Petit and Kristin Lauter},
      title = {Hard and Easy Problems for Supersingular Isogeny Graphs},
      howpublished = {Cryptology ePrint Archive, Paper 2017/962},
      year = {2017},
      note = {\url{https://eprint.iacr.org/2017/962}},
      url = {https://eprint.iacr.org/2017/962}
}
@misc{endoandgraphWesolowski,
      author = {Benjamin Wesolowski},
      title = {The supersingular isogeny path and endomorphism ring problems are equivalent},
      howpublished = {Cryptology ePrint Archive, Paper 2021/919},
      year = {2021},
      note = {\url{https://eprint.iacr.org/2021/919}},
      url = {https://eprint.iacr.org/2021/919}
}

@misc{towards,
      author = {Luca De Feo and Jean Kieffer and Benjamin Smith},
      title = {Towards practical key exchange from ordinary isogeny graphs},
      howpublished = {Cryptology ePrint Archive, Paper 2018/485},
      year = {2018},
      note = {\url{https://eprint.iacr.org/2018/485}},
      url = {https://eprint.iacr.org/2018/485}
}

@misc{CRS,
      author = {Alexander Rostovtsev and Anton Stolbunov},
      title = {{PUBLIC}-{KEY} {CRYPTOSYSTEM} {BASED} {ON} {ISOGENIES}},
      howpublished = {Cryptology ePrint Archive, Paper 2006/145},
      year = {2006},
      note = {\url{https://eprint.iacr.org/2006/145}},
      url = {https://eprint.iacr.org/2006/145}
}

@article{kani,
  title={The number of curves of genus two with elliptic differentials.},
  author={Ernst Kani},
  journal={Journal f{\"u}r die reine und angewandte Mathematik (Crelles Journal)},
  year={1997},
  volume={1997},
  pages={122 - 93},
  url={https://api.semanticscholar.org/CorpusID:16777999}
}
@misc{HHS,
      author = {Jean-Marc Couveignes},
      title = {Hard Homogeneous Spaces},
      howpublished = {Cryptology ePrint Archive, Paper 2006/291},
      year = {2006},
      note = {\url{https://eprint.iacr.org/2006/291}},
      url = {https://eprint.iacr.org/2006/291}
}

@misc{OriColo,
      author = {Leonardo Colò and David Kohel},
      title = {Orienting supersingular isogeny graphs},
      howpublished = {Cryptology ePrint Archive, Paper 2020/985},
      year = {2020},
      note = {\url{https://eprint.iacr.org/2020/985}},
      url = {https://eprint.iacr.org/2020/985}
}

@article{OriOnuki,
title = {On oriented supersingular elliptic curves},
journal = {Finite Fields and Their Applications},
volume = {69},
pages = {101777},
year = {2021},
issn = {1071-5797},
doi = {https://doi.org/10.1016/j.ffa.2020.101777},
url = {https://www.sciencedirect.com/science/article/pii/S1071579720301465},
author = {Hiroshi Onuki},
keywords = {Supersingular elliptic curves, Isogeny graphs},
}

@misc{CSIDH,
      author = {Wouter Castryck and Tanja Lange and Chloe Martindale and Lorenz Panny and Joost Renes},
      title = {{CSIDH}: An Efficient Post-Quantum Commutative Group Action},
      howpublished = {Cryptology ePrint Archive, Paper 2018/383},
      year = {2018},
      note = {\url{https://eprint.iacr.org/2018/383}},
      url = {https://eprint.iacr.org/2018/383}
}

@article{QisogJao,
  title={Constructing elliptic curve isogenies in quantum subexponential time},
  author={Andrew M. Childs and David Jao and Vladimir Soukharev},
  journal={Journal of Mathematical Cryptology},
  year={2010},
  volume={8},
  pages={1 - 29},
  url={https://api.semanticscholar.org/CorpusID:1902409}
}

@misc{CSIFISH,
      author = {Ward Beullens and Thorsten Kleinjung and Frederik Vercauteren},
      title = {{CSI}-{FiSh}: Efficient Isogeny based Signatures through Class Group Computations},
      howpublished = {Cryptology ePrint Archive, Paper 2019/498},
      year = {2019},
      note = {\url{https://eprint.iacr.org/2019/498}},
      url = {https://eprint.iacr.org/2019/498}
}

@misc{SCALLOP,
      author = {Luca De Feo and Tako Boris Fouotsa and Péter Kutas and Antonin Leroux and Simon-Philipp Merz and Lorenz Panny and Benjamin Wesolowski},
      title = {{SCALLOP}: scaling the {CSI}-{FiSh}},
      howpublished = {Cryptology ePrint Archive, Paper 2023/058},
      year = {2023},
      note = {\url{https://eprint.iacr.org/2023/058}},
      url = {https://eprint.iacr.org/2023/058}
}

@book{AEC,
  title={The Arithmetic of Elliptic Curves},
  author={Silverman, J.H.},
  isbn={9780387094946},
  lccn={2009926474},
  series={Graduate Texts in Mathematics},
  url={https://books.google.fr/books?id=Z90CA_EUCCkC},
  year={2009},
  publisher={Springer New York}
}

@book{neukirch,
  title={Algebraic Number Theory},
  author={Neukirch, J. and Schappacher, N.},
  isbn={9783662039830},
  series={Grundlehren der mathematischen Wissenschaften},
  url={https://books.google.fr/books?id=hS3qCAAAQBAJ},
  year={2013},
  publisher={Springer Berlin Heidelberg}
}


@article{MathsIsogDeFeo,
  author       = {Luca De Feo},
  title        = {Mathematics of Isogeny Based Cryptography},
  journal      = {CoRR},
  volume       = {abs/1711.04062},
  year         = {2017},
  url          = {http://arxiv.org/abs/1711.04062},
  eprinttype    = {arXiv},
  eprint       = {1711.04062},
  timestamp    = {Mon, 13 Aug 2018 16:46:31 +0200},
  biburl       = {https://dblp.org/rec/journals/corr/abs-1711-04062.bib},
  bibsource    = {dblp computer science bibliography, https://dblp.org}
}

@article{Velu71,
	Author = {V{\'e}lu, J.},
	Date-Added = {2006-03-06 21:26:02 +0100},
	Date-Modified = {2006-03-06 21:26:02 +0100},
	Journal = {Comptes-Rendus de l'Acad{\'e}mie des Sciences, S{\'e}rie I},
	Month = {07},
	Pages = {238--241},
	Title = {Isog{\'e}nies entre courbes elliptiques},
	Volume = {273},
	Year = {1971}
}

@book{vamumford,
  title={Abelian Varieties},
  author={Mumford, D.},
  isbn={9780195605280},
  lccn={74022697},
  series={Biblioteka Sbornika "Matematika"},
  year={1970},
  publisher={Tata Institute of Fundamental Research, Bombay}
}
@misc{CGL,
      author = {Denis Charles and Eyal Goren and Kristin Lauter},
      title = {Cryptographic hash functions from expander graphs},
      howpublished = {Cryptology ePrint Archive, Paper 2006/021},
      year = {2006},
      note = {\url{https://eprint.iacr.org/2006/021}},
      url = {https://eprint.iacr.org/2006/021}
}
@misc{oneendandend,
      author = {Aurel Page and Benjamin Wesolowski},
      title = {The supersingular Endomorphism Ring and One Endomorphism problems are equivalent},
      howpublished = {Cryptology ePrint Archive, Paper 2023/1399},
      year = {2023},
      note = {\url{https://eprint.iacr.org/2023/1399}},
      url = {https://eprint.iacr.org/2023/1399}
}

@article{lowertotient,
  title={Approximate formulas for some functions of prime numbers},
  author={D. S. and J. Barkley Rosser and Lowell Schoenfeld},
  journal={Illinois Journal of Mathematics},
  year={1962},
  volume={6},
  pages={64-94},
  url={https://api.semanticscholar.org/CorpusID:118355299}
}

@misc{Deuringpeople,
      author = {Jonathan Komada Eriksen and Lorenz Panny and Jana Sotáková and Mattia Veroni},
      title = {Deuring for the People: Supersingular Elliptic Curves with Prescribed Endomorphism Ring in General Characteristic},
      howpublished = {Cryptology ePrint Archive, Paper 2023/106},
      year = {2023},
      note = {\url{https://eprint.iacr.org/2023/106}},
      url = {https://eprint.iacr.org/2023/106}
}
@misc{binsidh,
      author = {Andrea Basso and Tako Boris Fouotsa},
      title = {New {SIDH} Countermeasures for a More Efficient Key Exchange},
      howpublished = {Cryptology {ePrint} Archive, Paper 2023/791},
      year = {2023},
      url = {https://eprint.iacr.org/2023/791}
}

@misc{knownendo,
      author = {Steven D.  Galbraith and Christophe Petit and Barak Shani and Yan Bo Ti},
      title = {On the Security of Supersingular Isogeny Cryptosystems},
      howpublished = {Cryptology {ePrint} Archive, Paper 2016/859},
      year = {2016},
      doi = {10.1007/978-3-662-53887-6_3},
      url = {https://eprint.iacr.org/2016/859}
}
@book{quat,
author = {Voight, John},
year = {2021},
month = {01},
pages = {},
title = {Quaternion Algebras},
isbn = {978-3-030-56692-0},
doi = {10.1007/978-3-030-56694-4}
}
@book{shafarevich,
author = {Shafarevich, Igor},
year = {2013},
month = {01},
pages = {},
title = {Basic algebraic geometry 1. Varieties in projective space. Translated from the Russian by Miles Reid. 3rd ed},
isbn = {978-3-642-37955-0},
doi = {10.1007/978-3-642-37956-7}
}
@misc{newalgodeuring,
      author = {Luca De Feo and Antonin Leroux and Patrick Longa and Benjamin Wesolowski},
      title = {New algorithms for the Deuring correspondence: Towards practical and secure {SQISign} signatures},
      howpublished = {Cryptology {ePrint} Archive, Paper 2022/234},
      year = {2022},
      url = {https://eprint.iacr.org/2022/234}
}
@article{connectingideal,
author = {Kirschmer, Markus and Voight, John},
year = {2010},
month = {01},
pages = {1714-1747},
title = {Algorithmic Enumeration of Ideal Classes for Quaternion Orders},
volume = {39},
journal = {SIAM Journal on Computing},
doi = {10.1137/080734467}
}
@misc{sqisign2d,
      author = {Andrea Basso and Luca De Feo and Pierrick Dartois and Antonin Leroux and Luciano Maino and Giacomo Pope and Damien Robert and Benjamin Wesolowski},
      title = {{SQIsign2D}-West: The Fast, the Small, and the Safer},
      howpublished = {Cryptology {ePrint} Archive, Paper 2024/760},
      year = {2024},
      url = {https://eprint.iacr.org/2024/760}
}
@misc{clapoti,
      author = {Aurel Page and Damien Robert},
      title = {Introducing Clapoti(s): Evaluating the isogeny class group action in polynomial time},
      howpublished = {Cryptology {ePrint} Archive, Paper 2023/1766},
      year = {2023},
      url = {https://eprint.iacr.org/2023/1766}
}
@misc{klpt,
      author = {David Kohel and Kristin Lauter and Christophe Petit and Jean-Pierre Tignol},
      title = {On the quaternion $\ell$-isogeny path problem},
      howpublished = {Cryptology {ePrint} Archive, Paper 2014/505},
      year = {2014},
      url = {https://eprint.iacr.org/2014/505}
}
@misc{solvingendwithoneend,
      author = {Arthur Herlédan Le Merdy and Benjamin Wesolowski},
      title = {The supersingular endomorphism ring problem given one endomorphism},
      howpublished = {Cryptology {ePrint} Archive, Paper 2023/1448},
      year = {2023},
      url = {https://eprint.iacr.org/2023/1448}
}
@article{supersingularland,
author = {Sarah Arpin and Catalina Camacho-Navarro and Kristin Lauter and Joelle Lim and Kristina Nelson and Travis Scholl and Jana Sotáková},
title = {Adventures in Supersingularland},
journal = {Experimental Mathematics},
volume = {32},
number = {2},
pages = {241--268},
year = {2023},
publisher = {Taylor \& Francis},
doi = {10.1080/10586458.2021.1926009},
URL = {https://doi.org/10.1080/10586458.2021.1926009 },
eprint = {https://doi.org/10.1080/10586458.2021.1926009}
}
@article{kohelthesis,
author = {Kohel, David},
pages = {},
title = {Endomorphism rings of elliptic curves over finite fields}
}
@article{completenonproj,
author = {Masayoshi Nagata},
title = {{Existence theorems for nonprojective complete algebraic varieties}},
volume = {2},
journal = {Illinois Journal of Mathematics},
number = {4A},
publisher = {Duke University Press},
pages = {490 -- 498},
year = {1958},
doi = {10.1215/ijm/1255454111},
URL = {https://doi.org/10.1215/ijm/1255454111}
}
@inproceedings{projemb,
  title={On the Projective Embedding of Homogeneous Varieties},
  author={W. L. Chow},
  year={1957},
  url={https://api.semanticscholar.org/CorpusID:124945051}
}
@misc{directrecovery,
      author = {Luciano Maino and Chloe Martindale and Lorenz Panny and Giacomo Pope and Benjamin Wesolowski},
      title = {A Direct Key Recovery Attack on {SIDH}},
      howpublished = {Cryptology {ePrint} Archive, Paper 2023/640},
      year = {2023},
      doi = {10.1007/978-3-031-30589-4_16},
      url = {https://eprint.iacr.org/2023/640}
}
@misc{thetadim4,
      author = {Pierrick Dartois},
      title = {Fast computation of 2-isogenies in dimension 4 and cryptographic applications},
      howpublished = {Cryptology {ePrint} Archive, Paper 2024/1180},
      year = {2024},
      url = {https://eprint.iacr.org/2024/1180}
}
@article{Cornacchia,
author = {Basilla, Julius},
year = {2004},
month = {05},
pages = {},
title = {On the solution of x 2 +dy 2 =m},
volume = {5},
journal = {Proceedings of the Japan Academy. Series A},
doi = {10.3792/pjaa.80.40}
}
@book{samuel,
  title={Algebraic Theory of Numbers},
  author={Samuel, P.},
  isbn={9780901665065},
  lccn={71020513},
  year={1970},
  publisher={Hermann}
}
@misc{OAEP,
      author = {Ehsan Ebrahimi},
      title = {Post-quantum Security of {OAEP} Transform},
      howpublished = {Cryptology {ePrint} Archive, Paper 2021/237},
      year = {2021},
      url = {https://eprint.iacr.org/2021/237}
}
@article{higherdegreegroupaction,
  TITLE = {{Higher-degree supersingular group actions}},
  AUTHOR = {Chenu, Mathilde and Smith, Benjamin},
  URL = {https://inria.hal.science/hal-03288075},
  JOURNAL = {{Mathematical Cryptology}},
  PUBLISHER = {{Florida Online Journals}},
  VOLUME = {1},
  NUMBER = {2},
  PAGES = {85-101},
  YEAR = {2022},
  MONTH = Mar,
  KEYWORDS = {Isogeny-based cryptography ; Supersingular elliptic curves ; Endomorphisms},
  PDF = {https://inria.hal.science/hal-03288075/file/hal.pdf},
  HAL_ID = {hal-03288075},
  HAL_VERSION = {v1},
}
@misc{MSIDH,
      author = {Tako Boris Fouotsa and Tomoki Moriya and Christophe Petit},
      title = {M-{SIDH} and {MD}-{SIDH}: countering {SIDH} attacks by masking information},
      howpublished = {Cryptology {ePrint} Archive, Paper 2023/013},
      year = {2023},
      url = {https://eprint.iacr.org/2023/013}
}
@misc{lollipop,
      author = {Victoria de Quehen and Péter Kutas and Chris Leonardi and Chloe Martindale and Lorenz Panny and Christophe Petit and Katherine E.  Stange},
      title = {Improved torsion-point attacks on {SIDH} variants},
      howpublished = {Cryptology {ePrint} Archive, Paper 2020/633},
      year = {2020},
      url = {https://eprint.iacr.org/2020/633}
}
@article{redbook,
  title={The red book of varieties and schemes},
  author={David Mumford},
  journal={Lecture Notes in Mathematics},
  year={1988},
  url={https://api.semanticscholar.org/CorpusID:230354587}
}
@misc{supersingyoucantrust,
      author = {Andrea Basso and Giulio Codogni and Deirdre Connolly and Luca De Feo and Tako Boris Fouotsa and Guido Maria Lido and Travis Morrison and Lorenz Panny and Sikhar Patranabis and Benjamin Wesolowski},
      title = {Supersingular Curves You Can Trust},
      howpublished = {Cryptology {ePrint} Archive, Paper 2022/1469},
      year = {2022},
      url = {https://eprint.iacr.org/2022/1469}
}
